<collection xmlns="http://www.loc.gov/MARC21/slim">
<record>
  <leader>01053nam0a2200253 i 450 </leader>
  <controlfield tag="001">IT\ICCU\CNCE\013188</controlfield>
  <controlfield tag="005">20110519000000.0</controlfield>
  <datafield tag="012" ind1=" " ind2=" ">
    <subfield code="a">s-r, isei e&amp;eq dode (C) 1548 (R)</subfield>
    <subfield code="2">fei</subfield>
  </datafield>
  <datafield tag="100" ind1=" " ind2=" ">
    <subfield code="a">19970101d1548        0itac0103    ba</subfield>
  </datafield>
  <datafield tag="101" ind1=" " ind2=" ">
    <subfield code="a">LAT</subfield>
  </datafield>
  <datafield tag="102" ind1=" " ind2=" ">
    <subfield code="a">IT</subfield>
  </datafield>
  <datafield tag="200" ind1="1" ind2=" ">
    <subfield code="a">Contra Hebreos</subfield>
  </datafield>
  <datafield tag="210" ind1=" " ind2=" ">
    <subfield code="e">Impressum Mediolani</subfield>
    <subfield code="g">in officina libraria Gotardi Pontici apud templum diui satiri</subfield>
    <subfield code="h">1548 Die 7 mensis Maii</subfield>
  </datafield>
  <datafield tag="215" ind1=" " ind2=" ">
    <subfield code="a">21, \1! c.</subfield>
    <subfield code="d">4ʻ</subfield>
  </datafield>
  <datafield tag="620" ind1=" " ind2=" ">
    <subfield code="a">IT</subfield>
    <subfield code="d">Milano</subfield>
  </datafield>
  <datafield tag="712" ind1="0" ind2="0">
    <subfield code="a">Da_Ponte, Gottardo</subfield>
    <subfield code="3">IT\ICCU\CNCT\001661</subfield>
    <subfield code="4">650</subfield>
  </datafield>
  <datafield tag="791" ind1="0" ind2="0">
    <subfield code="a">Ponticus, Gotardus</subfield>
    <subfield code="3">IT\ICCU\CNCT\003707</subfield>
    <subfield code="z">Da_Ponte, Gottardo</subfield>
  </datafield>
  <datafield tag="791" ind1="0" ind2="0">
    <subfield code="a">Pontius, Gotardus</subfield>
    <subfield code="3">IT\ICCU\CNCT\003708</subfield>
    <subfield code="z">Da_Ponte, Gottardo</subfield>
  </datafield>
  <datafield tag="791" ind1="0" ind2="0">
    <subfield code="a">Pontanus, Gotardus</subfield>
    <subfield code="3">IT\ICCU\CNCT\003709</subfield>
    <subfield code="z">Da_Ponte, Gottardo</subfield>
  </datafield>
  <datafield tag="791" ind1="0" ind2="0">
    <subfield code="a">Ponte, Gottardo da</subfield>
    <subfield code="3">IT\ICCU\CNCT\003710</subfield>
    <subfield code="z">Da_Ponte, Gottardo</subfield>
  </datafield>
  <datafield tag="791" ind1="0" ind2="0">
    <subfield code="a">Ponzio, Gottardo</subfield>
    <subfield code="3">IT\ICCU\CNCT\004488</subfield>
    <subfield code="z">Da_Ponte, Gottardo</subfield>
  </datafield>
  <datafield tag="801" ind1=" " ind2="3">
    <subfield code="a">IT</subfield>
    <subfield code="b">ICCU</subfield>
    <subfield code="c">20201114</subfield>
  </datafield>
  <datafield tag="899" ind1=" " ind2=" ">
    <subfield code="a">Biblioteca nazionale Braidense. Milano</subfield>
    <subfield code="1">MI0185</subfield>
    <subfield code="2">MIL NB</subfield>
  </datafield>
  <datafield tag="899" ind1=" " ind2=" ">
    <subfield code="a">Biblioteca universitaria. Pavia</subfield>
    <subfield code="1">PV0291</subfield>
    <subfield code="2">MIL UP</subfield>
  </datafield>
</record>
</collection>
